<record xmlns="http://www.loc.gov/MARC21/slim" xmlns:xsi="http://www.w3.org/2001/XMLSchema-instance" xsi:schemaLocation="http://www.loc.gov/MARC21/slim http://www.loc.gov/standards/marcxml/schema/MARC21slim.xsd">

  <leader>00614nam a2200169Ia 4500</leader>
  <datafield ind1=" " tag="999" ind2=" ">
    <subfield code="c">1724</subfield>
    <subfield code="d">1724</subfield>
  </datafield>
  <controlfield tag="008">180417b198     cr ||||| |||| 00| | spa d</controlfield>
  <datafield tag="090" ind2=" " ind1=" ">
    <subfield code="a">06.03.04 </subfield>
    <subfield code="b">781</subfield>
  </datafield>
  <datafield tag="111" ind2=" " ind1="2">
    <subfield code="a">Congreso Latinoamericano de Lectoescritura (1 : 1984 : San José, Costa Rica)</subfield>
    <subfield code="9">3564</subfield>
  </datafield>
  <datafield ind2="0" tag="245" ind1="1">
    <subfield code="a">Formación de buenos lectores en Latinoamérica</subfield>
  </datafield>
  <datafield ind2=" " tag="260" ind1=" ">
    <subfield code="a">San José, Costa Rica :  </subfield>
    <subfield code="b">Ministerio de Educación Pública, Depto. de Publicaciones, </subfield>
    <subfield code="c">1984</subfield>
  </datafield>
  <datafield ind1=" " tag="300" ind2=" ">
    <subfield code="a">451 páginas</subfield>
  </datafield>
  <datafield ind1="1" ind2="4" tag="650">
    <subfield code="a">EVALUACIÓN </subfield>
    <subfield code="9">287</subfield>
  </datafield>
  <datafield ind1="1" ind2="4" tag="650">
    <subfield code="a">LECTURA</subfield>
    <subfield code="9">365</subfield>
  </datafield>
  <datafield ind1="1" tag="650" ind2="4">
    <subfield code="a">CONFERENCIA</subfield>
    <subfield code="9">506</subfield>
  </datafield>
  <datafield ind1=" " ind2=" " tag="711">
    <subfield code="a">Congreso Latinoamericano de Lectoescritura (1 : 1984 : San José, C. R.)</subfield>
  </datafield>
  <datafield ind2=" " tag="942" ind1=" ">
    <subfield code="2">z</subfield>
    <subfield code="c">01</subfield>
  </datafield>
</record>